<?xml version="1.0" encoding="UTF-8"?><collection><record><leader>06205ntm a2200577 a 4500</leader><controlfield tag="001">006812998</controlfield><controlfield tag="003">MiAaHDL</controlfield><controlfield tag="005">20190719000000.0</controlfield><controlfield tag="006">m        d        </controlfield><controlfield tag="007">cr bn ---auaua</controlfield><controlfield tag="008">090604s1581    xx            00| ||per d</controlfield><datafield tag="035" ind1=" " ind2=" "><subfield code="a">(MiU)006812998</subfield></datafield><datafield tag="035" ind1=" " ind2=" "><subfield code="a">sdr-miu006812998</subfield></datafield><datafield tag="040" ind1=" " ind2=" "><subfield code="a">MiU</subfield><subfield code="c">MiU</subfield><subfield code="e">amremm</subfield></datafield><datafield tag="043" ind1=" " ind2=" "><subfield code="a">n-us-mi</subfield></datafield><datafield tag="100" ind1="0" ind2=" "><subfield code="6">880-01</subfield><subfield code="a">Saʻdī.</subfield></datafield><datafield tag="245" ind1="1" ind2="0"><subfield code="6">880-03</subfield><subfield code="a">Būstān,</subfield><subfield code="f">[989, i.e. 1581].</subfield></datafield><datafield tag="246" ind1="3" ind2=" "><subfield code="i">Title from inscription on 'title page' (p.1):</subfield><subfield code="a">بوستان</subfield></datafield><datafield tag="260" ind1=" " ind2=" "><subfield code="c">[1581].</subfield></datafield><datafield tag="300" ind1=" " ind2=" "><subfield code="a">161 leaves :</subfield><subfield code="b">paper ;</subfield><subfield code="c">202 x 128 (122-128 x 64) mm.</subfield></datafield><datafield tag="500" ind1=" " ind2=" "><subfield code="a">Shelfmark: Ann Arbor, University of Michigan, Special Collections Library, Isl. Ms. 299</subfield></datafield><datafield tag="500" ind1=" " ind2=" "><subfield code="a">Origin: As appears in colophon on p.321, copied by Bābā Shāh ibn Sulṭān ʻAlī (بابا شاه بن سلطان علی) with transcription completed in Shaʻbān 989 [September 1581].</subfield></datafield><datafield tag="500" ind1=" " ind2=" "><subfield code="a">Former shelfmark: "594 T. De M. [i.e. Tammaro De Marinis]" in pencil on verso of front flyleaf.</subfield></datafield><datafield tag="500" ind1=" " ind2=" "><subfield code="a">Binding: Pasteboards covered in dark brown leather ; Type II binding (with flap) ; pastedowns and flyleaves in magenta surface-dyed and gold-flecked European paper upper and lower covers gold-painted in mitred-panel style, with large floral vegetal designs filling central rectangle and guilloché roll border around the perimeter ; sewn in red thread, two stations, some leaves loose ; worked chevron endbands in pink and yellow, fairly good condition ; overall in fair condition with some abrasion and lifting of leather.</subfield></datafield><datafield tag="500" ind1=" " ind2=" "><subfield code="a">Support: non-European (likely Persian) laid paper of perhaps two types ; written area with roughly 9 laid lines per cm. (vertical, quite indistinct) and faint chain lines irregularly visible, sturdy, well-burnished, dark cream to beige in color ; written area mounted in leaves tinted deep blue with roughly 8 laid lines per cm. (horizontal, fairly distinct) and faint chain lines irregularly visible, sturdy though fairly transluscent, well-burnished.</subfield></datafield><datafield tag="500" ind1=" " ind2=" "><subfield code="a">Decoration: Elegant illuminated headpiece (ʻunwān / sarlawḥ) at opening on p.2, consisting of rectangular piece with rubricated title in gold cartouche flanked by scalloped pieces in gold and red on field of lapis lazuli (with effect of book cover design) overlaid with delicated, swirling vegetal decoration in gold with floral accents in red, pink, yellow, lavender, and blue, bordered in bands of gold, pistachio green / turquoise and white and surmounted by scalloped dome in gold and lapis with similar vegetal decoration, itself surmounted by vertical stalks (tīgh) in white ; illuminated marginal decoration in saz leaves and floral forms completes illuminated double-page opening (pp.2-3) ; written area throughout delicately gold flecked and bordered in frame of gold, pistachio, red and white bands with columns within defined by narrow gold bands flanked by black fillets ; written area mounted in leaves tinted deep blue ; headings rubricated, chrysographed or in blue ink ; illustrated with five paintings (see p.67, 114, 150, 176, 298).</subfield></datafield><datafield tag="500" ind1=" " ind2=" "><subfield code="a">Script: Nastaʻlīq ; exquisite calligraphic hand in a delicate line ; characteristically serifless with effect of words gently descending to baseline, elongation and contrasting thickness of horizontal strokes, pointing mainly in distinct dots, bowl of nūn wide with dot set just down within.</subfield></datafield><datafield tag="500" ind1=" " ind2=" "><subfield code="a">Layout: Written in 12 lines per page with written area divided to two columns ; frame-ruled.</subfield></datafield><datafield tag="500" ind1=" " ind2=" "><subfield code="a">Collation: ii, 5 IV (40), II (44), III+1 (51), 8 IV (115), III+1 (122), 4 IV (154), IV-1 (161), ii ; chiefly quaternions ; pagination in pencil, Western numerals, supplied during cataloguing.</subfield></datafield><datafield tag="500" ind1=" " ind2=" "><subfield code="a">Colophon: "Scribal," mainly Arabic, reads "فرغت من تحرير هذه الكتاب الشريف فى تاريخ شهر شعبان سنه تسع وثمانين وتسعمايه حرره العبد بابا شاه بن سلطان علي غفر الله ذنوبه وستر عيوبه</subfield></datafield><datafield tag="500" ind1=" " ind2=" "><subfield code="a">Explicit: "بضاعت نیاوردم الا امید خدایا ز عفوم مکن نا امید"</subfield></datafield><datafield tag="500" ind1=" " ind2=" "><subfield code="a">Incipit: "بنام خداوند جان آفرین حکیم سخن در زبان آفرین ..."</subfield></datafield><datafield tag="500" ind1=" " ind2=" "><subfield code="a">Title from illuminated headpiece at opening on p.2.</subfield></datafield><datafield tag="500" ind1=" " ind2=" "><subfield code="a">Ms. codex.</subfield></datafield><datafield tag="510" ind1="4" ind2=" "><subfield code="a">Bayānī, Mahdī. Aḥvāl va āsār-i khūshʹnavīsān : nastaʻlīq navīsān. [Tehran] : Dānishgāh-i Tihrān, 1345 [1966],</subfield><subfield code="c">pp.84-91</subfield></datafield><datafield tag="510" ind1="4" ind2=" "><subfield code="a">Pricilla Soucek, "BĀBĀ SHAH ESFAHĀNĪ," Encyclopædia Iranica,</subfield><subfield code="c">III/3, p.295</subfield></datafield><datafield tag="510" ind1="4" ind2=" "><subfield code="a">Rypka,</subfield><subfield code="c">p.251-253</subfield></datafield><datafield tag="510" ind1="4" ind2=" "><subfield code="a">Browne,</subfield><subfield code="c">v. ii, p.525-532</subfield></datafield><datafield tag="510" ind1="4" ind2=" "><subfield code="a">Rieu, Cat. Pers. MSS Brit. Mus.,</subfield><subfield code="c">p.595 ff.</subfield></datafield><datafield tag="520" ind1="8" ind2=" "><subfield code="a">Exquisite copy of the Būstān, the celebrated mas̲navī of Saʻdī (d.1292), renowned Persian poet and prose writer. Apparently attributed in the colophon to the calligrapher Bābā Shāh Isfahānī (d.1587 or 8). Illustrated with five miniatures. Contributions to the cataloguing from Elizabeth Kunze.</subfield></datafield><datafield tag="538" ind1=" " ind2=" "><subfield code="a">Mode of access: Internet.</subfield></datafield><datafield tag="541" ind1=" " ind2=" "><subfield code="c">Purchase ;</subfield><subfield code="a">Acquired by purchase (funds donated by Horace Rackham).</subfield><subfield code="d">1924.</subfield></datafield><datafield tag="546" ind1=" " ind2=" "><subfield code="a">Persian.</subfield></datafield><datafield tag="561" ind1=" " ind2=" "><subfield code="a">Ownership statement on second front flyleaf in name of al-Sayyid ʻAlī called Fuʾād reads "استصحبه العبد الكبير الفؤاد السيد على الملقب بفؤاد" ; statement on 'title page' (p.1) dated 12 Jumādá II 1239 [ca. 13 February 1824] reads "انورى زاده انورى عن كاتب ديوان فى ج ١٢ سنه ٢٣٩" ; title with former inventory mark also on 'title page' (p.1) ; clean copy.</subfield></datafield><datafield tag="650" ind1=" " ind2="0"><subfield code="a">Manuscripts, Persian</subfield><subfield code="z">Michigan</subfield><subfield code="z">Ann Arbor.</subfield></datafield><datafield tag="650" ind1=" " ind2="0"><subfield code="a">Calligraphy, Persian</subfield><subfield code="v">Specimens.</subfield></datafield><datafield tag="650" ind1=" " ind2="0"><subfield code="a">Persian poetry</subfield><subfield code="y">747-1500.</subfield></datafield><datafield tag="655" ind1=" " ind2="7"><subfield code="a">Headpieces (layout features)</subfield><subfield code="y">16th century.</subfield><subfield code="2">aat</subfield></datafield><datafield tag="700" ind1="0" ind2=" "><subfield code="a">Abdülhamid</subfield><subfield code="b">II,</subfield><subfield code="c">Sultan of the Turks,</subfield><subfield code="d">1842-1918,</subfield><subfield code="e">former owner.</subfield></datafield><datafield tag="700" ind1="0" ind2=" "><subfield code="6">880-05</subfield><subfield code="a">Bābā Shāh ibn Sulṭān ʻAlī,</subfield><subfield code="d">fl. 1581,</subfield><subfield code="e">scribe.</subfield></datafield><datafield tag="773" ind1="0" ind2=" "><subfield code="a">Abdul Hamid Collection.</subfield></datafield><datafield tag="880" ind1="0" ind2=" "><subfield code="6">700-05/</subfield><subfield code="a">بابا شاه بن سلطان على,</subfield><subfield code="e">ناسخ.</subfield></datafield><datafield tag="880" ind1="1" ind2="0"><subfield code="6">245-03/</subfield><subfield code="a">بوستان,</subfield><subfield code="f">[989ه, 1581م].</subfield></datafield><datafield tag="880" ind1="0" ind2=" "><subfield code="6">100-01/</subfield><subfield code="a">سعدى.</subfield></datafield><datafield tag="CID" ind1=" " ind2=" "><subfield code="a">006812998</subfield></datafield><datafield tag="DAT" ind1="0" ind2=" "><subfield code="a">20190719102637.0</subfield><subfield code="b">20190719000000.0</subfield></datafield><datafield tag="DAT" ind1="1" ind2=" "><subfield code="a">20190719090653.0</subfield><subfield code="b">2019-07-19T16:11:46Z</subfield></datafield><datafield tag="DAT" ind1="2" ind2=" "><subfield code="a">2015-10-02T18:00:03Z</subfield></datafield><datafield tag="CAT" ind1=" " ind2=" "><subfield code="a">SDR-MIU</subfield><subfield code="d">EX LIBRIS - ALEPH</subfield><subfield code="l">prepare.pl-004-008</subfield></datafield><datafield tag="FMT" ind1=" " ind2=" "><subfield code="a">BK</subfield></datafield><datafield tag="HOL" ind1=" " ind2=" "><subfield code="0">sdr-miu006812998</subfield><subfield code="a">MiU</subfield><subfield code="b">SDR</subfield><subfield code="c">MIU</subfield><subfield code="p">mdp.39015079128172</subfield><subfield code="s">MIU</subfield><subfield code="1">006812998</subfield></datafield><datafield tag="974" ind1=" " ind2=" "><subfield code="b">MIU</subfield><subfield code="c">MIU</subfield><subfield code="d">20190719</subfield><subfield code="s">lit-dlps-dc</subfield><subfield code="u">mdp.39015079128172</subfield><subfield code="y">1581</subfield><subfield code="r">pd</subfield><subfield code="q">bib</subfield><subfield code="t">non-US bib date1 &lt; 1879</subfield></datafield></record></collection>